@inproceedings{aggarwal1987model,
  title={A model for hierarchical memory},
  author={Aggarwal, Alok and Alpern, Bowen and Chandra, Ashok and Snir, Marc},
  booktitle={Proceedings of the nineteenth annual ACM symposium on Theory of computing},
  pages={305--314},
  year={1987},
  organization={ACM}
}

@article{korsh1981greedy,
  title={Greedy binary search trees are nearly optimal},
  author={Korsh, James F},
  journal={Information Processing Letters},
  volume={13},
  number={1},
  pages={16--19},
  year={1981},
  publisher={Elsevier}
}

@article{korsh1982growing,
  title={Growing nearly optimal binary search trees},
  author={Korsh, James F},
  journal={Information Processing Letters},
  volume={14},
  number={3},
  pages={139--143},
  year={1982},
  publisher={Elsevier}
}

@article{de1993binary,
  title={On binary search trees},
  author={De Prisco, Roberto and De Santis, Alfredo},
  journal={Information Processing Letters},
  volume={45},
  number={5},
  pages={249--253},
  year={1993},
  publisher={Elsevier}
}

@incollection{bose2009efficient,
  title={Efficient construction of near-optimal binary and multiway search trees},
  author={Bose, Prosenjit and Dou{\"\i}eb, Karim},
  booktitle={Algorithms and Data Structures},
  pages={230--241},
  year={2009},
  publisher={Springer}
}

@article{donald1999art,
  title={The art of computer programming},
  author={Donald, E Knuth},
  journal={Sorting and searching},
  volume={3},
  pages={426--458},
  year={1999}
}

@article{hu1971optimal,
  title={Optimal computer search trees and variable-length alphabetical codes},
  author={Hu, Te C and Tucker, Alan C},
  journal={SIAM Journal on Applied Mathematics},
  volume={21},
  number={4},
  pages={514--532},
  year={1971},
  publisher={SIAM}
}

@article{garsia1977new,
  title={A new algorithm for minimum cost binary trees},
  author={Garsia, Adriano M and Wachs, Michelle L},
  journal={SIAM Journal on Computing},
  volume={6},
  number={4},
  pages={622--642},
  year={1977},
  publisher={SIAM}
}

@article{yeung1991alphabetic,
  title={Alphabetic codes revisited},
  author={Yeung, Raymond W},
  journal={Information Theory, IEEE Transactions on},
  volume={37},
  number={3},
  pages={564--572},
  year={1991},
  publisher={IEEE}
}

@incollection{becker1997construction,
  title={Construction of nearly optimal multiway trees},
  author={Becker, Peter},
  booktitle={Computing and Combinatorics},
  pages={294--303},
  year={1997},
  publisher={Springer}
}

@article{vaishnavi1980optimum,
  title={Optimum multiway search trees},
  author={Vaishnavi, Vijay K. and Kriegel, Hans-Peter and Wood, Derick},
  journal={Acta Informatica},
  volume={14},
  number={2},
  pages={119--133},
  year={1980},
  publisher={Springer}
}

@article{gotlieb1981optimal,
  title={Optimal multi-way search trees},
  author={Gotlieb, Leo},
  journal={SIAM Journal on Computing},
  volume={10},
  number={3},
  pages={422--433},
  year={1981},
  publisher={SIAM}
}

@article{thite2008optimum,
  title={Optimum binary search trees on the hierarchical memory model},
  author={Thite, Shripad},
  journal={arXiv preprint arXiv:0804.0940},
  year={2008}
}

@inproceedings{aggarwal1987hierarchical,
  title={Hierarchical memory with block transfer},
  author={Aggarwal, Alok and Chandra, Ashok K and Snir, Marc},
  booktitle={Foundations of Computer Science, 1987., 28th Annual Symposium on},
  pages={204--216},
  year={1987},
  organization={IEEE}
}

@article{windley1960trees,
  title={Trees, forests and rearranging},
  author={Windley, Peter F},
  journal={The Computer Journal},
  volume={3},
  number={2},
  pages={84--88},
  year={1960},
  publisher={Br Computer Soc}
}

@article{hibbard1962some,
  title={Some combinatorial properties of certain trees with applications to searching and sorting},
  author={Hibbard, Thomas N},
  journal={Journal of the ACM (JACM)},
  volume={9},
  number={1},
  pages={13--28},
  year={1962},
  publisher={ACM}
}

@article{booth1960efficiency,
  title={On the efficiency of a new method of dictionary construction},
  author={Booth, Andrew Donald and Colin, Andrew JT},
  journal={Information and Control},
  volume={3},
  number={4},
  pages={327--334},
  year={1960},
  publisher={Elsevier}
}

@techreport{adelsonvelskii1963algorithm,
  title={An algorithm for the organization of information},
  author={AdelsonVelskii, M and Landis, Evgenii Mikhailovich},
  year={1963},
  institution={DTIC Document}
}

@article{bayer1972symmetric,
  title={Symmetric binary B-trees: Data structure and maintenance algorithms},
  author={Bayer, Rudolf},
  journal={Acta informatica},
  volume={1},
  number={4},
  pages={290--306},
  year={1972},
  publisher={Springer}
}

@article{sleator1985self,
  title={Self-adjusting binary search trees},
  author={Sleator, Daniel Dominic and Tarjan, Robert Endre},
  journal={Journal of the ACM (JACM)},
  volume={32},
  number={3},
  pages={652--686},
  year={1985},
  publisher={ACM}
}

@article{demaine2007dynamic,
  title={Dynamic optimality-almost},
  author={Demaine, Erik D and Harmon, Dion and Iacono, John and P a ˇ trascu, Mihai},
  journal={SIAM Journal on Computing},
  volume={37},
  number={1},
  pages={240--251},
  year={2007},
  publisher={SIAM}
}

@inproceedings{bayer1970organization,
  title={Organization and maintenance of large ordered indices},
  author={Bayer, R and McCreight, E},
  booktitle={Proceedings of the 1970 ACM SIGFIDET (now SIGMOD) Workshop on Data Description, Access and Control},
  pages={107--141},
  year={1970},
  organization={ACM}
}

@article{huffman1952method,
  title={A method for the construction of minimum redundancy codes},
  author={Huffman, David A and others},
  journal={Proceedings of the IRE},
  volume={40},
  number={9},
  pages={1098--1101},
  year={1952}
}

@article{gilbert1959variable,
  title={Variable-Length Binary Encodings},
  author={Gilbert, Edgar N and Moore, Edward F},
  journal={Bell System Technical Journal},
  volume={38},
  number={4},
  pages={933--967},
  year={1959},
  publisher={Wiley Online Library}
}

@article{knuth1971optimum,
  title={Optimum binary search trees},
  author={Knuth, Donald E.},
  journal={Acta informatica},
  volume={1},
  number={1},
  pages={14--25},
  year={1971},
  publisher={Springer}
}

@article{knuth1973sorting,
  title={Sorting and searching.(The art of computer programming, vol. 3) Addison-Wesley},
  author={Knuth, DE},
  journal={Reading, MA},
  pages={551--575},
  year={1973}
}

@article{hu1973new,
  title={A new proof of the TC algorithm},
  author={Hu, TC},
  journal={SIAM Journal on Applied Mathematics},
  volume={25},
  number={1},
  pages={83--94},
  year={1973},
  publisher={SIAM}
}

@article{hu1979binary,
  title={Binary trees optimum under various criteria},
  author={Hu, TC and Kleitman, Daniel J and Tamaki, Jeanne K},
  journal={SIAM Journal on Applied Mathematics},
  volume={37},
  number={2},
  pages={246--256},
  year={1979},
  publisher={SIAM}
}

@book{Hu1982Book,
  author    = {T.C. Hu}, 
  title     = {Combinatorial Algorithms},
  publisher = {Addison-Wesley},
  year      = 1982,
  address   = {MA}
}

@article{kingston1988new,
  title={A new proof of the Garsia-Wachs algorithm},
  author={Kingston, Feffrey H},
  journal={Journal of Algorithms},
  volume={9},
  number={1},
  pages={129--136},
  year={1988},
  publisher={Elsevier}
}

@article{becker1994new,
  title={A new algorithm for the construction of optimal B-trees},
  author={Becker, Peter},
  journal={Algorithm Theory—SWAT'94},
  pages={49--60},
  year={1994},
  publisher={Springer}
}

@article{guttler1980binary,
  title={Binary search trees: Average and worst case behavior},
  author={G{\"u}ttler, Reiner and Mehlhorn, Kurt and Schneider, Wolfgang},
  journal={Elektronische Informationsverarbeitung und Kybernetik},
  volume={16},
  pages={41--61},
  year={1980}
}

@book{bayer1975improved,
  title={Improved bounds on the costs of optimal and balanced binary search trees},
  author={Bayer, Paul Joseph},
  year={1975},
  publisher={Massachusetts Institute of Technology, Project MAC}
}

@article{horibe1977improved,
  title={An improved bound for weight-balanced tree},
  author={Horibe, Yasuichi},
  journal={Information and Control},
  volume={34},
  number={2},
  pages={148--151},
  year={1977},
  publisher={Elsevier}
}

@book{gallager1968information,
  title={Information theory and reliable communication},
  author={Gallager, Robert G},
  volume={2},
  year={1968},
  publisher={Springer}
}

@manual{fortran,
author = {David Graves and Chris Hogue},
title = {Fortran 77 Language Reference Manual},
date = {1994},
organization = {Silicon Graphics, Inc.}
}

@techreport{schumacker1969study,
  title={Study for applying computer-generated images to visual simulation},
  author={Schumacker, Robert A and Brand, Brigitta and Gilliland, Maurice G and Sharp, Werner H},
  year={1969},
  institution={DTIC Document}
}

@article{paterson1992optimal,
  title={Optimal binary space partitions for orthogonal objects},
  author={Paterson, Michael S and Yao, F Frances},
  journal={Journal of Algorithms},
  volume={13},
  number={1},
  pages={99--113},
  year={1992},
  publisher={Elsevier}
}

@inproceedings{song2010building,
  title={Building scalable virtual routers with trie braiding},
  author={Song, Haoyu and Kodialam, Murali and Hao, Fang and Lakshman, TV},
  booktitle={INFOCOM, 2010 Proceedings IEEE},
  pages={1--9},
  year={2010},
  organization={IEEE}
}

@misc{CppMap,
  title = {std::map},
  author = {cppreference.com},
  howpublished = {\url{http://en.cppreference.com/w/cpp/container/map}},
  note = {Accessed: 2016-02-02}
}

@article{louden1997compiler,
  title={Compiler construction},
  author={Louden, Kenneth C},
  journal={Cengage Learning},
  year={1997}
}